<?xml version="1.0" encoding="utf-8"?>
<record xmlns="http://www.loc.gov/MARC21/slim" xmlns:xsi="http://www.w3.org/2001/XMLSchema-instance" xsi:schemaLocation="http://www.loc.gov/MARC21/slim http://www.loc.gov/standards/marcxml/schema/MARC21slim.xsd">
	<leader>     nam a22        4500</leader>
	<controlfield tag="001">3233694</controlfield>
	<controlfield tag="003">NNC</controlfield>
	<controlfield tag="006">m        d        </controlfield>
	<controlfield tag="007">cr cn |||m|||a</controlfield>
	<controlfield tag="008">171211s1893    ua      o     000 0 arard</controlfield>
	<datafield ind1=" " ind2=" " tag="040">
		<subfield code="a">NNU</subfield>
		<subfield code="b">eng</subfield>
		<subfield code="e">rda</subfield>
		<subfield code="c">NNU</subfield>
	</datafield>
	<datafield ind1=" " ind2=" " tag="066">
		<subfield code="c">(3</subfield>
	</datafield>
	<datafield ind1=" " ind2="4" tag="050">
		<subfield code="a">B753.G33</subfield>
		<subfield code="b">I255 1893</subfield>
	</datafield>
	<datafield ind1="1" ind2=" " tag="100">
		<subfield code="6">880-01</subfield>
		<subfield code="a">Murtaḍá al-Zabīdī, Muḥammad ibn Muḥammad,</subfield>
		<subfield code="d">1732 or 1733-1791.</subfield>
	</datafield>
	<datafield ind1="1" ind2="0" tag="245">
		<subfield code="6">880-02</subfield>
		<subfield code="a">Kitāb Itḥāf al-sādah al-muttaqīn bi-sharḥ asrār Iḥyāʼ ʻulūm al-dīn /</subfield>
		<subfield code="c">taṣnīf Muḥammad ibn Muḥammad al-Ḥusaynī al-Zabīdī al-shahīr bi-Murtaḍá.</subfield>
	</datafield>
	<datafield ind1="3" ind2="0" tag="246">
		<subfield code="6">880-03</subfield>
		<subfield code="a">Itḥāf al-sādah al-muttaqīn bi-sharḥ asrār Iḥyāʼ ʻulūm al-dīn</subfield>
	</datafield>
	<datafield ind1=" " ind2=" " tag="260">
		<subfield code="6">880-04</subfield>
		<subfield code="a">Miṣr :</subfield>
		<subfield code="b">al-Maṭbaʻah al-Maymanīyah,</subfield>
		<subfield code="c">1311 [1893 or 4]</subfield>
	</datafield>
	<datafield ind1=" " ind2=" " tag="300">
		<subfield code="a">online resource (10 volumes) :</subfield>
		<subfield code="b">28 cm</subfield>
	</datafield>
	<datafield ind1=" " ind2=" " tag="336">
		<subfield code="a">text</subfield>
		<subfield code="2">rdacontent</subfield>
	</datafield>
	<datafield ind1=" " ind2=" " tag="337">
		<subfield code="a">computer</subfield>
		<subfield code="2">rdamedia</subfield>
	</datafield>
	<datafield ind1=" " ind2=" " tag="338">
		<subfield code="a">online resource</subfield>
		<subfield code="2">rdacarrier</subfield>
	</datafield>
	<datafield ind1=" " ind2=" " tag="500">
		<subfield code="6">880-05</subfield>
		<subfield code="a">&quot;Fa-tatmiman lil-fāʼidah waḍaʻnā al-Iḥyā al-madhkūr fī hāmish hādhā al-sharḥ (j. 1, s. 53) ... wa-badaʼnā fī awwal al-hāmish bi-waḍʻ kitāb Taʻrīf al-aḥyā bi-faḍāʼil al-iḥyāʼ li-ʻAbd al-Qādir ibn Shaykh ibn ʻAbd Allāh al-ʻAydarūs Bā-ʻAlawī, wa-bi-al-hāmish ayḍan (j. 1, s. 41) Kitāb al-Imlā ʻan ishkalāt al-iḥyā , taṣnīf al-Ghazzālī.&quot;</subfield>
	</datafield>
	<datafield ind1=" " ind2=" " tag="500">
		<subfield code="a">Part of the Arabic Collections Online (ACO) project, contributed by Columbia University Libraries.</subfield>
	</datafield>
	<datafield ind1=" " ind2=" " tag="533">
		<subfield code="a">Electronic reproduction.</subfield>
		<subfield code="b">New York, N.Y. :</subfield>
		<subfield code="c">New York University,</subfield>
		<subfield code="d">2017.</subfield>
		<subfield code="5">NNU</subfield>
	</datafield>
	<datafield ind1="0" ind2="0" tag="600">
		<subfield code="6">880-06</subfield>
		<subfield code="a">Ghazzālī,</subfield>
		<subfield code="d">1058-1111.</subfield>
		<subfield code="t">Iḥyāʼ ʻulūm al-dīn.</subfield>
	</datafield>
	<datafield ind1="0" ind2="7" tag="630">
		<subfield code="a">Iḥyāʼ ʻulūm al-dīn (Ghazzālī)</subfield>
		<subfield code="2">fast</subfield>
		<subfield code="0">(OCoLC)fst01365605</subfield>
	</datafield>
	<datafield ind1="0" ind2=" " tag="700">
		<subfield code="6">880-07</subfield>
		<subfield code="a">Ghazzālī,</subfield>
		<subfield code="d">1058-1111.</subfield>
	</datafield>
	<datafield ind1="1" ind2=" " tag="700">
		<subfield code="6">880-08</subfield>
		<subfield code="a">ʻAydarūs, ʻAbd al-Qādir ibn Shaykh,</subfield>
		<subfield code="d">1570-1627.</subfield>
	</datafield>
	<datafield ind1="2" ind2=" " tag="710">
		<subfield code="a">Columbia University.</subfield>
		<subfield code="b">Libraries.</subfield>
	</datafield>
	<datafield ind1="0" ind2=" " tag="730">
		<subfield code="a">Arabic Collections Online.</subfield>
	</datafield>
	<datafield ind1="0" ind2="2" tag="740">
		<subfield code="6">880-09</subfield>
		<subfield code="a">Taʻrīf al-aḥyāʼ bi-faḍāʼil al-iḥyāʼ.</subfield>
	</datafield>
	<datafield ind1="0" ind2="8" tag="776">
		<subfield code="i">Online version:</subfield>
		<subfield code="a">Murtaḍá al-Zabīdī, Muḥammad ibn Muḥammad, 1732 or 3-1791.</subfield>
		<subfield code="t">Kitāb Itḥāf al-sādah al-muttaqīn bi-sharḥ asrār Iḥyāʼ ʻulūm al-dīn.</subfield>
		<subfield code="d">Miṣr : al-Maṭbaʻah al-Maymanīyah, 1311 [1893 or 4]</subfield>
		<subfield code="w">(OCoLC)797846190</subfield>
	</datafield>
	<datafield ind1="0" ind2="8" tag="776">
		<subfield code="i">Print version:</subfield>
		<subfield code="a">Murtaḍá al-Zabīdī, Muḥammad ibn Muḥammad, 1732 or 1733-1791.</subfield>
		<subfield code="t">Kitāb Itḥāf al-sādah al-muttaqīn bi-sharḥ asrār Iḥyāʼ ʻulūm al-dīn</subfield>
		<subfield code="w">(NNC)3233694</subfield>
		<subfield code="w">(OCoLC)43439987</subfield>
	</datafield>
	<datafield ind1="4" ind2="0" tag="856">
		<subfield code="u">http://hdl.handle.net/2333.1/jh9w125w</subfield>
	</datafield>
	<datafield ind1="1" ind2=" " tag="880">
		<subfield code="6">100-01/(3/r</subfield>
		<subfield code="a">مرتضى الزبيدي، محمد بن محمد،,</subfield>
		<subfield code="d">1732 or 1733-1791.</subfield>
	</datafield>
	<datafield ind1="1" ind2="0" tag="880">
		<subfield code="6">245-02/(3/r</subfield>
		<subfield code="a">كتاب إتحاف السادة المتقين بشرح اسرار احياء علوم الدين /</subfield>
		<subfield code="c">تصنيف محمد بن محمد الحسيني الزبيدي الشهير بمرتضى.</subfield>
	</datafield>
	<datafield ind1="3" ind2="0" tag="880">
		<subfield code="6">246-03/(3/r</subfield>
		<subfield code="a">اتحاف السادة المتقين بشرح اسرار احياء علوم الدين</subfield>
	</datafield>
	<datafield ind1=" " ind2=" " tag="880">
		<subfield code="6">260-04/(3/r</subfield>
		<subfield code="a">مصر :</subfield>
		<subfield code="b">المطبعة الميمنية،</subfield>
		<subfield code="c">1311 [1893 or 4]</subfield>
	</datafield>
	<datafield ind1=" " ind2=" " tag="880">
		<subfield code="6">500-05/(3/r</subfield>
		<subfield code="a">&quot;فتتمما للفائدة وضعنا الاحيا المذكور في هامش هذه الشرح (ج. 1، س. 53) ... وبدأنا في اول الهامش بوضع كتاب تعريف الأحياء بفضائل الأحياء لعبد القادر بن شيخ بن عبد الله العيدروس باعلوي، وبالهامش أيضا (ج. 1، س. 41) كتاب الاملا عن اشكلات الأحيا، تصنيف الغزالي.&quot;</subfield>
	</datafield>
	<datafield ind1="0" ind2="4" tag="880">
		<subfield code="6">600-06/(3/r</subfield>
		<subfield code="a">غزالي،,</subfield>
		<subfield code="d">1058-1111.</subfield>
		<subfield code="t">احياء علوم الدين.</subfield>
	</datafield>
	<datafield ind1="0" ind2=" " tag="880">
		<subfield code="6">700-07/(3/r</subfield>
		<subfield code="a">غزالي،,</subfield>
		<subfield code="d">1058-1111.</subfield>
	</datafield>
	<datafield ind1="1" ind2=" " tag="880">
		<subfield code="6">700-08/(3/r</subfield>
		<subfield code="a">عيدروس، عبد القادر بن شيخ،,</subfield>
		<subfield code="d">1570-1627.</subfield>
	</datafield>
	<datafield ind1="0" ind2="2" tag="880">
		<subfield code="6">740-09/(3/r</subfield>
		<subfield code="a">تعريف الاحياء بفضائل الاحياء.</subfield>
	</datafield>
	<datafield ind1=" " ind2=" " tag="959">
		<subfield code="a">NNU</subfield>
		<subfield code="b">WEB</subfield>
		<subfield code="c">GENI</subfield>
		<subfield code="t">0</subfield>
		<subfield code="m">Electronic access</subfield>
		<subfield code="s">01</subfield>
	</datafield>
	<datafield ind1=" " ind2=" " tag="999">
		<subfield code="i">NNC_3233694</subfield>
		<subfield code="o">(OCoLC)ocm43439987</subfield>
		<subfield code="s">columbia_aco003004:v.10</subfield>
	</datafield>
</record>
